<record><leader>00000cas a2200000 a 4500</leader><controlfield tag="001">12332569</controlfield><controlfield tag="008">850801d18881896ksuwr ne      0    0eng d</controlfield><datafield ind1=" " ind2=" " tag="010"><subfield code="a">sn 85031564 </subfield></datafield><datafield ind1=" " ind2=" " tag="040"><subfield code="a">KSH</subfield><subfield code="b">eng</subfield><subfield code="c">KSH</subfield><subfield code="d">NPT</subfield><subfield code="d">OCL</subfield><subfield code="d">OCLCQ</subfield></datafield><datafield ind1=" " ind2=" " tag="042"><subfield code="a">msc</subfield></datafield><datafield ind1="0" ind2=" " tag="130"><subfield code="a">Almena plaindealer (Almena, Kan. : 1888)</subfield></datafield><datafield ind1="1" ind2="4" tag="245"><subfield code="a">The Almena plaindealer.</subfield></datafield><datafield ind1=" " ind2=" " tag="260"><subfield code="a">Almena, Kan. :</subfield><subfield code="b">Dr. W. Taylor,</subfield><subfield code="c">1888-1896.</subfield></datafield><datafield ind1=" " ind2=" " tag="300"><subfield code="a">9 v. :</subfield><subfield code="b">ill. ;</subfield><subfield code="c">33-64 cm.</subfield></datafield><datafield ind1=" " ind2=" " tag="310"><subfield code="a">Weekly</subfield></datafield><datafield ind1="0" ind2=" " tag="362"><subfield code="a">Vol. 1, no. 1 (Feb. 2, 1888)-v. 9, no. 31 (Aug. 27, 1896).</subfield></datafield><datafield ind1=" " ind2=" " tag="500"><subfield code="a">Published by: J.B. Dyatt, Jan. 1, 1891-Sept. 20, 1894; Plaindealer Pub. Co., Sept. 27, 1894-Aug. 27, 1896.</subfield></datafield><datafield ind1=" " ind2=" " tag="752"><subfield code="a">United States</subfield><subfield code="b">Kansas</subfield><subfield code="c">Norton</subfield><subfield code="d">Almena.</subfield></datafield><datafield ind1="0" ind2="0" tag="785"><subfield code="t">Norton County plaindealer</subfield><subfield code="w">(DLC)sn 85031565</subfield></datafield></record>